
@Article{lastname11:_examp_artic,
  author = 		 {FirstName LastName and FN2 LN2},
  title = 		 {Example Journal Article Title},
  journal = 	 {Example Journal},
  year = 		 2011,
  volume = 	 15,
  number = 	 3,
  pages = 	 {41-48},
  month = 	 {Mar.}}

@article{naseem_linear_2010,
	title = {Linear Regression for Face Recognition},
	volume = {32},
	issn = {0162-8828},
	doi = {10.1109/TPAMI.2010.128},
	number = {11},
	journal = IEEE_J_PAMI,
	author = {I. Naseem and R. Togneri and M. Bennamoun},
	year = {2010},
	keywords = {face recognition},
	pages = {2106--2112}
}

@InProceedings{ln111:_examp_confer_artic_title,
  author = 		 {FN1 LN1},
  title = 		 {Example Conference Article Title},
  booktitle = {Example Conference Proceeding Title},
  pages = 	 {33-100},
  year = 	 2011,
  address = 	 {City, Nation},
  month = 	 {Feb.}}

@Book{book11:_examp_book_title,
  author = 	 {Author Book},
  title = 		 {Example Book Title},
  publisher = 	 {The Publisher},
  year = 		 2011}

